% Plantilla creada por Francisco Javier Vázquez Tavares
% Esta platilla se creo para facilitar la creación de documentos para tareas.

@book{libroClase,
  title     = "Computational physics",
  author    = "Joseph Thijssen",
  year      = 2006,
  publisher = "Oxford University Press",
  address   = "Cambridge"
}

@book{Luckhurst_Veracini_2012, 
    place={Dordrecht}, 
    title={Molecular dynamics of Liquid Crystals}, 
    publisher={Springer Netherlands}, 
    author={Luckhurst, G. R. and Veracini, C. A.}, 
    year={2012}
}

@misc{Langevin_equation , 
    url={https://encyclopediaofmath.org/wiki/Langevin_equation}, 
    journal={Langevin equation - Encyclopedia of Mathematics}
}

@misc{LAMMPS, 
    url={https://www.lammps.org/#gsc.tab=0}, 
    journal={LAMMPS Molecular Dynamics Simulator}
} 

@misc{Gravelle, 
    title={Lennard-Jones fluid}, 
    url={https://lammpstutorials.github.io/sphinx/build/html/tutorials/level1/lennard-jones-fluid.html}, 
    journal={Lennard-Jones fluid -}, 
    author={Gravelle, Simon}
} 

@misc{bond_style_FENE_LAMMPSdoc, 
    url={https://docs.lammps.org/bond_fene.html}, 
    journal={bond_style fene command - LAMMPS documentation}
} 

@misc{angle_style_Harmonic_LAMMPSdoc,
    url={https://docs.lammps.org/angle_harmonic.html}, 
    journal={angle_style harmonic command - LAMMPS documentation}
} 

@misc{dihedral_style_Harmonic_LAMMPSdoc,
    url={https://docs.lammps.org/dihedral_harmonic.html}, 
    journal={dihedral_style harmonic command - LAMMPS documentation}
} 

