%
% Bibliografia basica para la catedra de mecanizado
% Se listan diferentes formatos.
%
%
%

% Strain - Stress curves
@article{lyuBoneinspiredGNECHAPAAm2023,
  title = {Bone-Inspired (GNEC/HAPAAm) Hydrogel with Fatigue-Resistance for Use in Underwater Robots and Highly Piezoresistive Sensors},
  author = {Lyu, Chaoyang and Wen, Bo and Bai, Yangzhen and Luo, Daning and Wang, Xin and Zhang, Qingfeng and Xing, Chenyang and Kong, Tiantian and Diao, Dongfeng and Zhang, Xi},
  year = {2023},
  month = jul,
  journal = {Microsystems \& Nanoengineering},
  volume = {9},
  pages = {99},
  issn = {2096-1030},
  doi = {10.1038/s41378-023-00571-7},
  urldate = {2025-09-30}
}

@article{romischkeSwellingMechanicalCharacterization2022,
  title = {Swelling and Mechanical Characterization of Polyelectrolyte Hydrogels as Potential Synthetic Cartilage Substitute Materials},
  author = {Romischke, Johanna and Scherkus, Anton and Saemann, Michael and Krueger, Simone and Bader, Rainer and Kragl, Udo and Meyer, Johanna},
  year = {2022},
  month = may,
  journal = {Gels},
  volume = {8},
  number = {5},
  pages = {296},
  publisher = {Multidisciplinary Digital Publishing Institute},
  issn = {2310-2861},
  doi = {10.3390/gels8050296},
  urldate = {2025-09-30}
}

@article{leiStretchableHydrogelsLow2020a,
  title = {Stretchable Hydrogels with Low Hysteresis and Anti-Fatigue Fracture Based on Polyprotein Cross-Linkers},
  author = {Lei, Hai and Dong, Liang and Li, Ying and Zhang, Junsheng and Chen, Huiyan and Wu, Junhua and Zhang, Yu and Fan, Qiyang and Xue, Bin and Qin, Meng and Chen, Bin and Cao, Yi and Wang, Wei},
  year = {2020},
  month = aug,
  journal = {Nature Communications},
  volume = {11},
  pages = {4032},
  issn = {2041-1723},
  doi = {10.1038/s41467-020-17877-z},
  urldate = {2025-09-30}
}

@article{chenMultilayeredCementhydrogelComposite2023,
  title = {Multi-Layered Cement-Hydrogel Composite with High Toughness, Low Thermal Conductivity, and Self-Healing Capability},
  author = {Chen, Yuan and Zheng, Yangzezhi and Zhou, Yang and Zhang, Wei and Li, Weihuan and She, Wei and Liu, Jiaping and Miao, Changwen},
  year = {2023},
  month = jun,
  journal = {Nature Communications},
  volume = {14},
  number = {1},
  pages = {3438},
  publisher = {Nature Publishing Group},
  issn = {2041-1723},
  doi = {10.1038/s41467-023-39235-5},
  urldate = {2024-06-13}
}

@article{petelinsekToughHydrogelsLoadBearing2024,
  title = {Tough Hydrogels for Load-Bearing Applications},
  author = {Petelin{\v s}ek, Nika and Mommer, Stefan},
  year = {2024},
  month = jan,
  journal = {Advanced Science},
  volume = {11},
  number = {12},
  pages = {2307404},
  issn = {2198-3844},
  doi = {10.1002/advs.202307404},
  urldate = {2025-09-24}
}

@article{kimFractureToughnessBlocking2022,
  title = {Fracture Toughness and Blocking Force of Temperature-Sensitive PolyNIPAAm and Alginate Hybrid Gels},
  author = {Kim, Yong-Woo and Kim, Do Yoon and Sun, Jeong-Yun},
  year = {2022},
  month = may,
  journal = {Gels},
  volume = {8},
  number = {5},
  pages = {324},
  publisher = {Multidisciplinary Digital Publishing Institute},
  issn = {2310-2861},
  doi = {10.3390/gels8050324},
  urldate = {2025-09-30}
}

@article{wangRapidUniaxialActuation2018,
  title = {Rapid Uniaxial Actuation of Layered Bacterial Cellulose/Poly(N-isopropylacrylamide) Composite Hydrogel with High Mechanical Strength},
  author = {Wang, Qidong and Asoh, Taka-Aki and Uyama, Hiroshi},
  year = {2018},
  month = apr,
  journal = {RSC Advances},
  volume = {8},
  number = {23},
  pages = {12608--12613},
  publisher = {The Royal Society of Chemistry},
  issn = {2046-2069},
  doi = {10.1039/C8RA01639A},
  urldate = {2025-09-30}
}


% Hydrogels Review that Must cite
@article{choiSynthesisHydrogelBasedMicrogels2025,
  title = {Synthesis of Hydrogel-Based Microgels and Nanogels Toward Therapeutic and Biomedical Applications},
  author = {Choi, Yuri and Koh, Hye Yeon and Han, Jung Y. and Seo, Soonmin},
  year = {2025},
  month = jan,
  journal = {Applied Sciences},
  volume = {15},
  number = {3},
  pages = {1368},
  publisher = {Multidisciplinary Digital Publishing Institute},
  issn = {2076-3417},
  doi = {10.3390/app15031368},
  urldate = {2025-08-11}
}


% Hydrogels
@article{bustamante-torresHydrogelsClassificationAccording2021,
  title = {Hydrogels Classification According to the Physical or Chemical Interactions and as Stimuli-Sensitive Materials},
  author = {{Bustamante-Torres}, Moises and {Romero-Fierro}, David and {Arcentales-Vera}, Bel{\'e}n and Palomino, Kenia and Maga{\~n}a, H{\'e}ctor and Bucio, Emilio},
  year = {2021},
  month = oct,
  journal = {Gels},
  volume = {7},
  number = {4},
  pages = {182},
  issn = {2310-2861},
  doi = {10.3390/gels7040182},
  urldate = {2025-08-11}
}

% Mechanical response
@article{bouzidElasticallyDrivenIntermittent2017,
  title = {Elastically Driven Intermittent Microscopic Dynamics in Soft Solids},
  author = {Bouzid, Mehdi and Colombo, Jader and Barbosa, Lucas Vieira and Del Gado, Emanuela},
  year = {2017},
  month = jun,
  journal = {Nature Communications},
  volume = {8},
  number = {1},
  pages = {15846},
  publisher = {Nature Publishing Group},
  issn = {2041-1723},
  doi = {10.1038/ncomms15846}
}


% Colloidal Soft Matter physics
@article{castaneda-priegoColloidalSoftMatter2021,
  title = {Colloidal Soft Matter Physics},
  author = {Casta{\~n}eda-Priego, Ram{\'o}n},
  year = {2021},
  month = oct,
  journal = {Revista mexicana de f{\'i}sica},
  volume = {67},
  number = {5},
  publisher = {Sociedad Mexicana de F{\'i}sica},
  issn = {0035-001X},
  doi = {10.31349/revmexfis.67.050101},
  urldate = {2025-09-02}
}


% Yield Stress
@article{bonnYieldStressMaterials2017,
  title = {Yield Stress Materials in Soft Condensed Matter},
  author = {Bonn, Daniel and Denn, Morton M. and Berthier, Ludovic and Divoux, Thibaut and Manneville, S{\'e}bastien},
  year = {2017},
  month = aug,
  journal = {Reviews of Modern Physics},
  volume = {89},
  number = {3},
  pages = {035005},
  publisher = {American Physical Society},
  doi = {10.1103/RevModPhys.89.035005},
  urldate = {2025-07-31}
}


% Patchy particles
@article{bianchiPhaseDiagramPatchy2006,
  title = {Phase Diagram of Patchy Colloids: Towards Empty Liquids},
  author = {Bianchi, Emanuela and Largo, Julio and Tartaglia, Piero and Zaccarelli, Emanuela and Sciortino, Francesco},
  year = {2006},
  month = oct,
  journal = {Physical Review Letters},
  volume = {97},
  number = {16},
  pages = {168301},
  publisher = {American Physical Society},
  doi = {10.1103/PhysRevLett.97.168301},
  urldate = {2024-09-02}
}

@article{bianchiTheoreticalNumericalStudy2008,
  title = {Theoretical and Numerical Study of the Phase Diagram of Patchy Colloids: Ordered and Disordered Patch Arrangements},
  author = {Bianchi, Emanuela and Tartaglia, Piero and Zaccarelli, Emanuela and Sciortino, Francesco},
  year = {2008},
  month = apr,
  journal = {The Journal of Chemical Physics},
  volume = {128},
  number = {14},
  pages = {144504},
  issn = {0021-9606},
  doi = {10.1063/1.2888997},
  urldate = {2024-09-02}
}


%%% Applications in general/mechanical repon
@article{petelinsekToughHydrogelsLoadBearing2024,
  title = {Tough Hydrogels for Load-Bearing Applications},
  author = {Petelin{\v s}ek, Nika and Mommer, Stefan},
  year = {2024},
  month = jan,
  journal = {Advanced Science},
  volume = {11},
  number = {12},
  pages = {2307404},
  issn = {2198-3844},
  doi = {10.1002/advs.202307404},
  urldate = {2025-09-24}
}


%%% Enviromental applications
@article{cinfrigniniGoldRushDesigning2024,
  title = {A Gold Rush: Designing Hydrogels for Selective Recovery in Wastewater Containing Mixed Metal Ions},
  author = {Cinfrignini, Pamela and Boschetti, Alice and Ghini, Giacomo and Tenti, Alice and Plazanet, Marie and Martella, Daniele and Torre, Renato},
  year = {2024},
  month = nov,
  journal = {ACS Applied Materials \& Interfaces},
  volume = {16},
  number = {49},
  pages = {68368--68378},
  issn = {1944-8244},
  doi = {10.1021/acsami.4c15657},
  urldate = {2025-09-24}
}

@article{randoFunctionalBioBasedPolymeric2024,
  title = {Functional Bio-Based Polymeric Hydrogels for Wastewater Treatment: From Remediation to Sensing Applications},
  author = {Rando, Giulia and Scalone, Elisabetta and Sfameni, Silvia and Plutino, Maria Rosaria},
  year = {2024},
  month = aug,
  journal = {Gels},
  volume = {10},
  number = {8},
  pages = {498},
  publisher = {Multidisciplinary Digital Publishing Institute},
  issn = {2310-2861},
  doi = {10.3390/gels10080498},
  urldate = {2025-09-24}
}

@article{darbanHydrogelBasedAdsorbentMaterial2022a,
  title = {Hydrogel-Based Adsorbent Material for the Effective Removal of Heavy Metals from Wastewater: A Comprehensive Review},
  author = {Darban, Zenab and Shahabuddin, Syed and Gaur, Rama and Ahmad, Irfan and Sridewi, Nanthini},
  year = {2022},
  month = apr,
  journal = {Gels},
  volume = {8},
  number = {5},
  pages = {263},
  issn = {2310-2861},
  doi = {10.3390/gels8050263},
  urldate = {2025-09-24}
}

@article{songSynthesisHydrogelsTheir2022,
  title = {Synthesis of Hydrogels and Their Progress in Environmental Remediation and Antimicrobial Application},
  author = {Song, Mengshan and Wang, Jingfeng and He, Jiabei and Kan, Dongxiao and Chen, Kaiyun and Lu, Jialu},
  year = {2022},
  month = dec,
  journal = {Gels},
  volume = {9},
  number = {1},
  pages = {16},
  issn = {2310-2861},
  doi = {10.3390/gels9010016},
  urldate = {2025-09-24}
}


%%% Medical applications
@article{wuAdvancementsHydrogelsCorneal2024,
  title = {Advancements in Hydrogels for Corneal Healing and Tissue Engineering},
  author = {Wu, Kevin Y. and Qian, Shu Yu and Faucher, Anne and Tran, Simon D.},
  year = {2024},
  month = oct,
  journal = {Gels},
  volume = {10},
  number = {10},
  pages = {662},
  publisher = {Multidisciplinary Digital Publishing Institute},
  issn = {2310-2861},
  doi = {10.3390/gels10100662},
  urldate = {2025-09-24}
}

@article{kaurHydrogelsPotentialBiomaterial2024,
  title = {Hydrogels as a Potential Biomaterial for Multimodal Therapeutic Applications},
  author = {Kaur, Harpreet and Gogoi, Bishmita and Sharma, Ira and Das, Deepak Kumar and Azad, Mohd Ashif and Pramanik, Devlina Das and Pramanik, Arindam},
  year = {2024},
  month = oct,
  journal = {Molecular Pharmaceutics},
  volume = {21},
  number = {10},
  pages = {4827--4848},
  publisher = {American Chemical Society},
  issn = {1543-8384},
  doi = {10.1021/acs.molpharmaceut.4c00595},
  urldate = {2025-09-24}
}

@article{thummaIntroductionClassificationApplications2025,
  title = {Introduction, Classification and Applications of 3D Bioprinted Hydrogels for Cancer Treatment: A Review},
  author = {Thumma, Anusha},
  year = {2025},
  journal = {RSC Pharmaceutics},
  volume = {2},
  number = {5},
  pages = {915--929},
  publisher = {Royal Society of Chemistry},
  doi = {10.1039/D5PM00142K},
  urldate = {2025-09-24}
}

%%% Smart Material applications

@article{bishnoiCellulosebasedSmartMaterials2024,
  title = {Cellulose-Based Smart Materials: Novel Synthesis Techniques, Properties, and Applications in Energy Storage and Conversion Devices},
  author = {Bishnoi, Pariksha and Siwal, Samarjeet Singh and Kumar, Vinod and Thakur, Vijay Kumar},
  year = {2024},
  journal = {Electron},
  volume = {2},
  number = {2},
  pages = {e42},
  issn = {2751-2614},
  doi = {10.1002/elt2.42},
  urldate = {2025-09-24}
}

@article{zhaoIntelligentHydrogelActuators2021,
  title = {Intelligent Hydrogel Actuators With Controllable Deformations and Movements},
  author = {Zhao, Qian and Yu, Zhenglei and Liang, Yunhong and Ren, Lei and Ren, Luquan},
  year = {2021},
  month = apr,
  journal = {Frontiers in Materials},
  volume = {8},
  publisher = {Frontiers},
  issn = {2296-8016},
  doi = {10.3389/fmats.2021.661104},
  urldate = {2025-09-24}
}

@article{shomePhotoresponsiveSmartHydrogels2024,
  title = {Photoresponsive Smart Hydrogels and Their Versatile Applications: A Review},
  author = {Shome, Anshupriya},
  year = {2024},
  month = apr,
  journal = {Asian Journal of Chemistry},
  volume = {36},
  number = {5},
  pages = {1017--1026},
  issn = {0975-427X},
  doi = {10.14233/ajchem.2024.31379},
  urldate = {2025-09-24}
}

@article{duttaSmartMaterialsFlexible2024,
  title = {Smart Materials for Flexible Electronics and Devices: Hydrogel},
  author = {Dutta, Taposhree and Chaturvedi, Pavan and Llamas-Garro, Ignacio and Vel{\'a}zquez-Gonz{\'a}lez, Jes{\'u}s Salvador and Dubey, Rakesh and Mishra, Satyendra Kumar},
  year = {2024},
  month = apr,
  journal = {RSC Advances},
  volume = {14},
  number = {19},
  pages = {12984--13004},
  publisher = {The Royal Society of Chemistry},
  issn = {2046-2069},
  doi = {10.1039/D4RA01168F},
  urldate = {2025-09-24}
}


%% Stress microscopic scale 
@article{admalUnifiedInterpretationStress2010,
  title = {A Unified Interpretation of Stress in Molecular Systems},
  author = {Admal, Nikhil Chandra and Tadmor, E. B.},
  year = {2010},
  month = jun,
  journal = {Journal of Elasticity},
  volume = {100},
  number = {1},
  pages = {63--143},
  issn = {1573-2681},
  doi = {10.1007/s10659-010-9249-6},
  urldate = {2025-07-01}
}

% lammps
@article{LAMMPS,
  author = {A. P. Thompson and H. M. Aktulga and R. Berger and
     D. S. Bolintineanu and W. M. Brown and P. S. Crozier and
     P. J. in 't Veld and A. Kohlmeyer and S. G. Moore and T. D. Nguyen and
     R. Shan and M. J. Stevens and J. Tranchida and C. Trott and S. J. Plimpton},
  title = {LAMMPS - a flexible simulation tool for
     particle-based materials modeling at the 
     atomic, meso, and continuum scales},
  journal = {Comp. Phys. Comm.},
  volume =  {271},
  pages =   {108171},
  year =    {2022},
  doi = {10.1016/j.cpc.2021.108171}
} 

% Computational physics
@book{Thijssen2007, 
    title={Computational physics}, 
    publisher={Cambridge University Press}, 
    author={Thijssen, Johannes M. M. H.}, 
    year={2007}
}

% Langevin dynamics
@inbook{pastorTechniquesApplicationsLangevin1994,
  title = {Techniques and Applications of Langevin Dynamics Simulations},
  booktitle = {The Molecular Dynamics of Liquid Crystals},
  author = {Pastor, R. W.},
  editor = {Luckhurst, G. R. and Veracini, C. A.},
  year = {1994},
  pages = {85--138},
  publisher = {Springer Netherlands},
  address = {Dordrecht},
  isbn= {978-94-011-1168-3},
  doi = {10.1007/978-94-011-1168-3-5},
  url = {https://doi.org/10.1007/978-94-011-1168-3_5}
}

% Langevin dynamics
@book{tsl2006,
    title={Theory of simple liquids}, 
    author={Jean Pierre Hansen and Ian R. McDonald}, 
    publisher={Elsevier Academic Press}, 
    year={2006}
}

% Langevin dynamics
@article{paquetMolecularDynamicsMonte2015,
  title = {Molecular Dynamics, Monte Carlo Simulations, and Langevin Dynamics A Computational Review},
  author = {Paquet, Eric and Viktor, Herna L.},
  year = {2015},
  journal = {BioMed Research International},
  volume = {2015},
  pages = {183918},
  issn = {2314-6133},
  doi = {10.1155/2015/183918},
  urldate = {2025-07-09}
}

% Three body potential
@article{sciortinoThreebodyPotentialSimulating2017,
  title = {ThreeBody Potential for Simulating Bond Swaps in Molecular Dynamics},
  author = {Sciortino, Francesco},
  year = {2017},
  month = jan,
  journal = {The European Physical Journal E},
  volume = {40},
  number = {1},
  pages = {3},
  issn = {1292-8941, 1292-895X},
  doi = {10.1140/epje/i2017-11496-5},
  urldate = {2024-05-16}
}

% patchy particles
@article{vlassopoulosTunableRheologyDense2014,
  title = {Tunable Rheology of Dense Soft Deformable Colloids},
  author = {Vlassopoulos, Dimitris and Cloitre, Michel},
  year = {2014},
  month = dec,
  journal = {Current Opinion in Colloid \& Interface Science},
  volume = {19},
  number = {6},
  pages = {561--574},
  issn = {1359-0294},
  doi = {10.1016/j.cocis.2014.09.007},
  urldate = {2025-08-19}
}

@article{bonyadiReviewFrictionLubrication2020,
  title = {Review: Friction and Lubrication with High Water Content Crosslinked Hydrogels},
  author = {Bonyadi, Shabnam Z. and Hasan, Md. Mahmudul and Kim, Jiho and Mahmood, Samsul and Schulze, Kyle D. and Dunn, Alison C.},
  year = {2020},
  month = oct,
  journal = {Tribology Letters},
  volume = {68},
  number = {4},
  pages = {119},
  issn = {1573-2711},
  doi = {10.1007/s11249-020-01352-3},
  urldate = {2025-08-06}
}

% Microstructure stress relation
@article{senffTemperatureSensitiveMicrogel1999,
  title = {Temperature Sensitive Microgel Suspensions: Colloidal Phase Behavior and Rheology of Soft Spheres},
  author = {Senff, H. and Richtering, W.},
  year = {1999},
  month = jul,
  journal = {The Journal of Chemical Physics},
  volume = {111},
  number = {4},
  pages = {1705--1711},
  issn = {0021-9606},
  doi = {10.1063/1.479430},
  urldate = {2025-09-03}
}

% Gel point
@article{guPolymerNetworksPlastics2020,
  title = {Polymer Networks From Plastics and Gels to Porous Frameworks},
  author = {Gu, Yuwei and Zhao, Julia and Johnson, Jeremiah A.},
  year = {2020},
  journal = {Angewandte Chemie International Edition},
  volume = {59},
  number = {13},
  pages = {5022--5049},
  issn = {1521-3773},
  doi = {10.1002/anie.201902900},
  urldate = {2025-06-24}
}

% Swelliing
@article{lelePredictionsBoundWater1997,
  title = {Predictions of Bound Water Content in Poly(N-isopropylacrylamide) Gel},
  author = {Lele, A. K. and Hirve, M. M. and Badiger, M. V. and Mashelkar, R. A.},
  year = {1997},
  month = jan,
  journal = {Macromolecules},
  volume = {30},
  number = {1},
  pages = {157--159},
  publisher = {American Chemical Society},
  issn = {0024-9297},
  doi = {10.1021/ma950894l},
  urldate = {2025-09-03}
}

% Crosslinking
@article{priyaComprehensiveReviewHydrogel2024,
  title = {Comprehensive Review of Hydrogel Synthesis, Characterization, and Emerging Applications},
  author = {Priya, Arumugasamy Sathiya and Premanand, Rajaraman and Ragupathi, Indhumathi and Bhaviripudi, Vijayabhaskara Rao and Aepuru, Radhamanohar and Kannan, Karthik and Shanmugaraj, Krishnamoorthy},
  year = {2024},
  month = nov,
  journal = {Journal of Composites Science},
  volume = {8},
  number = {11},
  pages = {457},
  publisher = {Multidisciplinary Digital Publishing Institute},
  issn = {2504-477X},
  doi = {10.3390/jcs8110457},
  urldate = {2025-08-04}
}

% Crosllinking
@article{bustamantetorresHydrogelsClassificationAccording2021,
  title = {Hydrogels Classification According to the Physical or Chemical Interactions and as Stimuli-Sensitive Materials},
  author = {Bustamante-Torres, Moises and Romero-Fierro, David and Arcentales-Vera, Bel\'en and Palomino, Kenia and Magaña, H\'ector and Bucio, Emilio},
  year = {2021},
  month = {oct},
  journal = {Gels},
  volume = {7},
  number = {4},
  pages = {182},
  doi = {10.3390/gels7040182},
  urldate = {2025-08-11}
}
















