%
% Bibliografia basica para la catedra de mecanizado
% Se listan diferentes formatos.
%
%
%
@book{Ljung87,
 AUTHOR    = {L Ljung},
 publisher = {Prentice-Hall},
 title     = {System Identification: Theory for the User},
 YEAR      = {1987}
}

@INPROCEEDINGS{Moody92,
 author    = {J E Moody},
 booktitle = {Advances in Neural Information Processing Systems 4},
 editor    = {J E Moody and S J Hanson and R P Lippmann},
 title     = {The Effective Number of Parameters: An Analysis of Generalization and
              Regularization in Nonlinear Learning Systems},
 YEAR      = {1992}
}

@MASTERSTHESIS{deFreitas97,
 author  = {N {de Freitas}},
 ADDRESS = {Johannesburg},
 SCHOOL  = {University of the Witwatersrand},
 title   = {Neural Network Based Nonparametric Regression for Nonlinear
           System Identification and Fault Detection},
 YEAR    = {1997}
}

@PHDTHESIS{Sjoberg95,
 author  = {J {Sj\"{o}berg}},
 ADDRESS = {Sweeden},
 SCHOOL  = {Department of Electrical Engineering, Link\"{o}ping University},
 title   = {Non-Linear System Identification with Neural Networks},
 YEAR    = {1995}
}

@ARTICLE{Girosi95,
        author             = {F Girosi and M Jones and T Poggio},
        JOURNAL            = {Neural Computation},
        NUMBER             = {2},
        PAGES              = {219--269},
        title              = {Regularization Theory and Neural Networks Architectures},
        VOLUME             = {7},
        YEAR               = {1995}
}

@TECHREPORT{Meir95,
        author             = {R Meir},
        ADDRESS            = {Haifa, Israel},
        INSTITUTION        = {Department of Electrical Engineering, Technion},
        title              = {Bias, Variance and the Combination of Estimators: The Case of Linear Least Squares},
        YEAR               = {1995}
}

@ARTICLE{DeFreitas_2004_Diagnosis,
  author={Nando {de Freitas} and R. Dearden and F. Hutter and R. {Morales-Menendez} and J. Mutch and D. Poole},
  journal={Proc of the IEEE}, 
  title={{Diagnosis by a Waiter and a Mars Explorer}}, 
  year={2004},
  volume={92},
  number={3},
  pages={455-468},
  Keywords={04Q1}
}